
    <zs:record>
      <zs:recordSchema/>
      <zs:recordPacking>xml</zs:recordPacking>
      <zs:recordData>
        <record xmlns="http://www.loc.gov/MARC21/slim">
          <leader>01284cas a2200337u| 4500</leader>
          <controlfield tag="001">7770214</controlfield>
          <controlfield tag="005">20000608114257.0</controlfield>
          <controlfield tag="008">821206m19079999enkab|||||||||||| ||eng| </controlfield>
          <datafield tag="035" ind1=" " ind2=" ">
            <subfield code="9">(DLC)   15006731</subfield>
          </datafield>
          <datafield tag="906" ind1=" " ind2=" ">
            <subfield code="a">0</subfield>
            <subfield code="b">cbc</subfield>
            <subfield code="c">premunv</subfield>
            <subfield code="d">u</subfield>
            <subfield code="e">ncip</subfield>
            <subfield code="f">19</subfield>
            <subfield code="g">y-gencatlg</subfield>
          </datafield>
          <datafield tag="010" ind1=" " ind2=" ">
            <subfield code="a">   15006731 </subfield>
          </datafield>
          <datafield tag="040" ind1=" " ind2=" ">
            <subfield code="a">DLC</subfield>
            <subfield code="c">CarP</subfield>
            <subfield code="d">DLC</subfield>
          </datafield>
          <datafield tag="043" ind1=" " ind2=" ">
            <subfield code="a">e-uk-st</subfield>
          </datafield>
          <datafield tag="050" ind1="0" ind2="0">
            <subfield code="a">DA880.O5</subfield>
            <subfield code="b">O4</subfield>
          </datafield>
          <datafield tag="245" ind1="0" ind2="0">
            <subfield code="a">Old-lore miscellany of Orkney, Shetland, Caithness and Sutherland ...</subfield>
          </datafield>
          <datafield tag="249" ind1="3" ind2=" ">
            <subfield code="i">SERLOC variant entry</subfield>
            <subfield code="a">Orkney &amp; Shetland miscellany, Jan. 1907-Jan. 1909</subfield>
          </datafield>
          <datafield tag="260" ind1=" " ind2=" ">
            <subfield code="a">London,</subfield>
            <subfield code="b">Printed for the Viking club,</subfield>
            <subfield code="c">1907-</subfield>
          </datafield>
          <datafield tag="300" ind1=" " ind2=" ">
            <subfield code="a">v.</subfield>
            <subfield code="b">illus., plates, ports.., fold. map, plans, facsims.</subfield>
            <subfield code="c">22 cm.</subfield>
          </datafield>
          <datafield tag="310" ind1=" " ind2=" ">
            <subfield code="a">Quarterly</subfield>
          </datafield>
          <datafield tag="590" ind1=" " ind2=" ">
            <subfield code="a">PREMARC/SERLOC merged record</subfield>
          </datafield>
          <datafield tag="651" ind1=" " ind2="0">
            <subfield code="a">Orkney (Scotland)</subfield>
          </datafield>
          <datafield tag="651" ind1=" " ind2="0">
            <subfield code="a">Shetland (Scotland)</subfield>
          </datafield>
          <datafield tag="651" ind1=" " ind2="0">
            <subfield code="a">Caithness (Scotland)</subfield>
          </datafield>
          <datafield tag="651" ind1=" " ind2="0">
            <subfield code="a">Sutherland (Scotland)</subfield>
          </datafield>
          <datafield tag="700" ind1="1" ind2=" ">
            <subfield code="a">Johnston, Alfred Wintle, [from old catalog]</subfield>
            <subfield code="e">ed.</subfield>
          </datafield>
          <datafield tag="700" ind1="1" ind2=" ">
            <subfield code="a">Johnston, Amy, [from old catalog]</subfield>
            <subfield code="e">ed.</subfield>
          </datafield>
          <datafield tag="710" ind1="2" ind2=" ">
            <subfield code="a">Viking club, or Society for northern research, London. [from old catalog]</subfield>
          </datafield>
          <datafield tag="890" ind1=" " ind2=" ">
            <subfield code="a">Old-lore miscellany of Orkney, Shetland, Caithness and Sutherland ...</subfield>
            <subfield code="i">15-6731</subfield>
          </datafield>
          <datafield tag="920" ind1=" " ind2=" ">
            <subfield code="a">Keep 1</subfield>
          </datafield>
          <datafield tag="991" ind1=" " ind2=" ">
            <subfield code="b">c-GenColl</subfield>
            <subfield code="h">DA880.O5</subfield>
            <subfield code="i">O4</subfield>
            <subfield code="t">Copy 1</subfield>
            <subfield code="w">PREM</subfield>
          </datafield>
          <datafield tag="992" ind1=" " ind2=" ">
            <subfield code="b">Unk</subfield>
            <subfield code="h">DA880.O5O4</subfield>
            <subfield code="w">SERLOC</subfield>
          </datafield>
        </record>
      </zs:recordData>
      <zs:recordPosition>3</zs:recordPosition>
    </zs:record>